@article{ID,
	author = {C.J. van Rijsbergen, S.E. Robertson and M.F. Porter},
	title = {New models in probabilistic information retrieval},
	journaltitle = {London: British Library},
	date = {date},
}
